

@article{kurtev2002technological,
  author =        {Kurtev, Ivan and BÃ©zivin, Jean and Aksit, Mehmet},
  booktitle =     {Computing & Control Engineering Journal},
  month =         {01},
  pages =         {},
  title =         {Technological Spaces: An Initial Appraisal},
  year =          {2002},
}

@inproceedings{klint2010easy,
  author =        {Paul Klint and Tijs van der Storm and
                   Jurgen J. Vinju},
  booktitle =     {Proceedings of the 3rd International Summer School on
                   Generative and Transformational Techniques in
                   Software Engineering (GTTSE'09)},
  publisher =     {Springer},
  series =        {LNCS},
  title =         {EASY Meta-Programming with Rascal. Leveraging the
                   Extract-Analyze-SYnthesize Paradigm for
                   Meta-Programming},
  year =          {2010},
}

@inproceedings{kats2010spoofax,
  author =        {Kats, Lennart CL and Visser, Eelco},
  booktitle =     {ACM sigplan notices},
  number =        {10},
  organization =  {ACM},
  pages =         {444--463},
  title =         {The spoofax language workbench: rules for declarative
                   specification of languages and IDEs},
  volume =        {45},
  year =          {2010},
}

@book{steinberg2008emf,
  author =        {Steinberg, Dave and Budinsky, Frank and Merks, Ed and
                   Paternostro, Marcelo},
  publisher =     {Pearson Education},
  title =         {EMF: eclipse modeling framework},
  year =          {2008},
}

@book{fowler2004uml,
  author =        {Fowler, Martin},
  publisher =     {Addison-Wesley Professional},
  title =         {UML distilled: a brief guide to the standard object
                   modeling language},
  year =          {2004},
}

@inproceedings{selic2007systematic,
  author =        {Selic, Bran},
  booktitle =     {Object and Component-Oriented Real-Time Distributed
                   Computing, 2007. ISORC'07. 10th IEEE International
                   Symposium on},
  organization =  {IEEE},
  pages =         {2--9},
  title =         {A systematic approach to domain-specific language
                   design using UML},
  year =          {2007},
}

@inproceedings{bousse2016execution,
  author =        {Bousse, Erwan and Degueule, Thomas and
                   Vojtisek, Didier and Mayerhofer, Tanja and
                   Deantoni, Julien and Combemale, Benoit},
  booktitle =     {Proceedings of the 2016 ACM SIGPLAN International
                   Conference on Software Language Engineering},
  organization =  {ACM},
  pages =         {84--89},
  title =         {Execution framework of the gemoc studio (tool demo)},
  year =          {2016},
}

@book{bettini2016implementing,
  author =        {Bettini, Lorenzo},
  publisher =     {Packt Publishing Ltd},
  title =         {Implementing domain-specific languages with Xtext and
                   Xtend},
  year =          {2016},
}

@book{voelter2014generic,
  author =        {Voelter, Markus and others},
  publisher =     {Citeseer},
  title =         {Generic tools, specific languages},
  year =          {2014},
}

@inproceedings{klint2016model,
  author =        {Klint, Paul and van der Storm, Tijs},
  booktitle =     {International Conference on Theory and Practice of
                   Model Transformations},
  organization =  {Springer},
  pages =         {19--35},
  title =         {Model Transformation with Immutable Data},
  year =          {2016},
}

@article{voelter2015projecting,
  author =        {Voelter, Markus and Warmer, Jos and Kolb, Bernd},
  journal =       {IEEE Software},
  number =        {5},
  pages =         {46--52},
  publisher =     {IEEE},
  title =         {Projecting a modular future},
  volume =        {32},
  year =          {2015},
}

@article{rozen2017towards,
  author =        {van Rozen, Riemer and van der Storm, Tijs},
  booktitle =     {Software & Systems Modeling},
  month =         {08},
  pages =         {},
  title =         {Toward live domain-specific languages: From text
                   differencing to adapting models at run time},
  year =          {2017},
}

@techreport{berners2004uniform,
  author =        {Berners-Lee, Tim and Fielding, Roy and
                   Masinter, Larry},
  title =         {Uniform resource identifier (URI): Generic syntax},
  year =          {2004},
}

@article{nakamaru2017silverchain,
  author =        {Nakamaru, Tomoki and Ichikawa, Kazuhiro and
                   Yamazaki, Tetsuro and Chiba, Shigeru},
  journal =       {ACM SIGPLAN Notices},
  number =        {12},
  pages =         {199--211},
  publisher =     {ACM},
  title =         {Silverchain: a fluent API generator},
  volume =        {52},
  year =          {2017},
}

@inproceedings{DBLP:conf/etaps/SemerathDHV16,
  author =        {Oszk{\'{a}}r Semer{\'{a}}th and Csaba Debreceni and
                   {\'{A}}kos Horv{\'{a}}th and
                   D{\'{a}}niel Varr{\'{o}}},
  booktitle =     {Proceedings of the 5th International Workshop on
                   Bidirectional Transformations, Bx 2016, co-located
                   with The European Joint Conferences on Theory and
                   Practice of Software, {ETAPS} 2016, Eindhoven, The
                   Netherlands, April 8, 2016.},
  pages =         {40--44},
  title =         {Change Propagation of View Models by Logic Synthesis
                   using {SAT} solvers},
  year =          {2016},
  biburl =        {https://dblp.org/rec/bib/conf/etaps/SemerathDHV16},
  url =           {http://ceur-ws.org/Vol-1571/paper\_6.pdf},
}

@inproceedings{acher2014metamorphic,
  author =        {Acher, Mathieu and Combemale, Benoit and
                   Collet, Philippe},
  booktitle =     {Proceedings of the 2014 ACM International Symposium
                   on New Ideas, New Paradigms, and Reflections on
                   Programming \& Software},
  pages =         {243--253},
  series =        {Onward! 2014},
  title =         {Metamorphic Domain-Specific Languages: A Journey into
                   the Shapes of a Language},
  year =          {2014},
  doi =           {10.1145/2661136.2661159},
  isbn =          {978-1-4503-3210-1},
  url =           {http://doi.acm.org/10.1145/2661136.2661159},
}

